<?xml version="1.0" encoding="UTF-8"?>
<record xmlns="http://www.loc.gov/MARC21/slim" xmlns:xsi="http://www.w3.org/2001/XMLSchema-instance" xsi:schemaLocation="http://www.loc.gov/MARC21/slim http://www.loc.gov/standards/marcxml/schema/MARC21slim.xsd">
<leader>00000cam a22      a 4500</leader>
<controlfield tag="001">001682342</controlfield>
<controlfield tag="003">NNU</controlfield>
<controlfield tag="005">20150608165121.0</controlfield>
<controlfield tag="008">960827s1963    ir h     b    000 0 arar</controlfield>
<datafield tag="010" ind1=" " ind2=" ">
<subfield code="a">   68290200</subfield>
</datafield>
<datafield tag="035" ind1=" " ind2=" ">
<subfield code="a">(OCoLC)234858053</subfield>
</datafield>
<datafield tag="040" ind1=" " ind2=" ">
<subfield code="a">MH</subfield>
<subfield code="b">eng</subfield>
<subfield code="c">HLS</subfield>
<subfield code="d">OCLCQ</subfield>
<subfield code="d">OCLCO</subfield>
<subfield code="d">OCLCQ</subfield>
<subfield code="d">OCLCO</subfield>
<subfield code="d">OCLCF</subfield>
<subfield code="d">OCLCO</subfield>
<subfield code="d">NNU</subfield>
</datafield>
<datafield tag="050" ind1=" " ind2="4">
<subfield code="a">BP136.48</subfield>
<subfield code="b">.H5 1963</subfield>
</datafield>
<datafield tag="100" ind1="1" ind2=" ">
<subfield code="6">880-01</subfield>
<subfield code="a">Ibn Dāwūd al-Ḥillī, al-Ḥasan ibn ʻAlī,</subfield>
<subfield code="d">1249 or 1250-1339 or 1340.</subfield>
</datafield>
<datafield tag="240" ind1="1" ind2="0">
<subfield code="6">880-02</subfield>
<subfield code="a">Rijāl</subfield>
</datafield>
<datafield tag="245" ind1="1" ind2="0">
<subfield code="6">880-03</subfield>
<subfield code="a">Kitāb al-Rijāl /</subfield>
<subfield code="c">li-Taqī al-Dīn al-Ḥasan ibn ʻAlī ibn Dāūd al-Ḥullī. Wa-yataqaddamahu Kitāb al-Rijāl / li-Abī Jaʻfar Aḥmad ibn Abī ʻAbd al-Lāh al-Barqī.</subfield>
</datafield>
<datafield tag="260" ind1=" " ind2=" ">
<subfield code="6">880-04</subfield>
<subfield code="a">Tihrān :</subfield>
<subfield code="b">Chāpkhāhah-ʼi Danishgāh,</subfield>
<subfield code="c">1342 [1963 or 1964]</subfield>
</datafield>
<datafield tag="300" ind1=" " ind2=" ">
<subfield code="a">4, 98, 3 pages, 570 columns :</subfield>
<subfield code="b">48 facsimiles ;</subfield>
<subfield code="c">25 cm.</subfield>
</datafield>
<datafield tag="336" ind1=" " ind2=" ">
<subfield code="a">text</subfield>
<subfield code="b">txt</subfield>
<subfield code="2">rdacontent</subfield>
</datafield>
<datafield tag="337" ind1=" " ind2=" ">
<subfield code="a">unmediated</subfield>
<subfield code="b">n</subfield>
<subfield code="2">rdamedia</subfield>
</datafield>
<datafield tag="338" ind1=" " ind2=" ">
<subfield code="a">volume</subfield>
<subfield code="b">nc</subfield>
<subfield code="2">rdacarrier</subfield>
</datafield>
<datafield tag="490" ind1="1" ind2=" ">
<subfield code="6">880-05</subfield>
<subfield code="a">Intishārāt-i Dānishgāh-i Tihrān ;</subfield>
<subfield code="v">857.</subfield>
<subfield code="a">Hadīyah-ʼi Aṣghar Mahdavī bih Dānishgāh-i Tihrān ;</subfield>
<subfield code="v">4</subfield>
</datafield>
<datafield tag="500" ind1=" " ind2=" ">
<subfield code="a">Text by al-Barqī, prefixed to the main work, has been drawn from his Kitāb al-Maḥāsin.</subfield>
</datafield>
<datafield tag="504" ind1=" " ind2=" ">
<subfield code="a">Includes bibliographical references (pages 2-4 (1stgroup)).</subfield>
</datafield>
<datafield tag="650" ind1=" " ind2="0">
<subfield code="a">Hadith</subfield>
<subfield code="x">Authorities.</subfield>
</datafield>
<datafield tag="650" ind1=" " ind2="0">
<subfield code="a">Imams (Shiites)</subfield>
</datafield>
<datafield tag="650" ind1=" " ind2="0">
<subfield code="a">Shiites.</subfield>
</datafield>
<datafield tag="650" ind1=" " ind2="0">
<subfield code="a">Muslims</subfield>
<subfield code="v">Biography.</subfield>
</datafield>
<datafield tag="650" ind1=" " ind2="7">
<subfield code="a">Hadith</subfield>
<subfield code="x">Authorities.</subfield>
<subfield code="2">fast</subfield>
<subfield code="0">(OCoLC)fst00950115</subfield>
</datafield>
<datafield tag="650" ind1=" " ind2="7">
<subfield code="a">Imams (Shiites)</subfield>
<subfield code="2">fast</subfield>
<subfield code="0">(OCoLC)fst00967650</subfield>
</datafield>
<datafield tag="650" ind1=" " ind2="7">
<subfield code="a">Muslims.</subfield>
<subfield code="2">fast</subfield>
<subfield code="0">(OCoLC)fst01031029</subfield>
</datafield>
<datafield tag="650" ind1=" " ind2="7">
<subfield code="a">Shiites.</subfield>
<subfield code="2">fast</subfield>
<subfield code="0">(OCoLC)fst01115976</subfield>
</datafield>
<datafield tag="655" ind1=" " ind2="7">
<subfield code="a">Biography.</subfield>
<subfield code="2">fast</subfield>
<subfield code="0">(OCoLC)fst01423686</subfield>
</datafield>
<datafield tag="700" ind1="1" ind2=" ">
<subfield code="6">880-06</subfield>
<subfield code="a">Barqī, Aḥmad ibn Muḥammad,</subfield>
<subfield code="d">-887 or 888.</subfield>
</datafield>
<datafield tag="880" ind1="1" ind2=" ">
<subfield code="6">100-01/</subfield>
<subfield code="a">ابن داوود الحلي، الحسن بن علي،</subfield>
<subfield code="d">1249 or 1250-1339 or 1340.</subfield>
</datafield>
<datafield tag="880" ind1="1" ind2="0">
<subfield code="6">240-02/</subfield>
<subfield code="a">رجال</subfield>
</datafield>
<datafield tag="880" ind1="1" ind2="0">
<subfield code="6">245-03/</subfield>
<subfield code="a">كتاب الرجال /</subfield>
<subfield code="c">لتقي الدين الحسن بن علي بن داود الحلي. ويتقدمه كتاب الرجال / لابي جعفر احمد بن ابي عبد الله البرقي.</subfield>
</datafield>
<datafield tag="880" ind1=" " ind2=" ">
<subfield code="6">260-04/</subfield>
<subfield code="a">تهران :</subfield>
<subfield code="b">چاپخاهۀ دانشگاه،</subfield>
<subfield code="c">1342 [1963 or 1964]</subfield>
</datafield>
<datafield tag="880" ind1="1" ind2=" ">
<subfield code="6">490-05/</subfield>
<subfield code="a">انتشارات دانشگاه تهران ؛</subfield>
<subfield code="v">857.</subfield>
<subfield code="a">هديةۀ اصغر مهدوى به دانشگاه تهران ؛</subfield>
<subfield code="v">4</subfield>
</datafield>
<datafield tag="880" ind1="1" ind2=" ">
<subfield code="6">700-06/</subfield>
<subfield code="a">برقي، احمد بن محمد،</subfield>
<subfield code="d">887 ر 888.</subfield>
</datafield>
<datafield tag="830" ind1=" " ind2="0">
<subfield code="a">Publications de l'Université de Tehran ;</subfield>
<subfield code="v">no 857.</subfield>
</datafield>
<datafield tag="830" ind1=" " ind2="0">
<subfield code="a">Publications de l'Université de Tehran.</subfield>
<subfield code="p">Hadīyah-ʼi Aṣgh ar Mahdavī bih Dānishgāh-i Tihrān ;</subfield>
<subfield code="v">4.</subfield>
</datafield>
<datafield tag="OWN" ind1=" " ind2=" ">
<subfield code="a">GENERAL</subfield>
</datafield>
<datafield tag="AVA" ind1=" " ind2=" ">
<subfield code="a">NYU50</subfield>
<subfield code="b">BOBST</subfield>
<subfield code="c">Main Collection</subfield>
<subfield code="d">BP136.48 .H5</subfield>
<subfield code="e">unavailable</subfield>
<subfield code="t">Unavailable</subfield>
<subfield code="f">1</subfield>
<subfield code="g">1</subfield>
<subfield code="h">N</subfield>
<subfield code="i">0</subfield>
<subfield code="j">MAIN</subfield>
<subfield code="k">0</subfield>
</datafield>
</record>
